<record><leader>00000cas a22000007a 4500</leader><controlfield tag="001">13684825</controlfield><controlfield tag="008">860604d19071917njudn ne      0    0eng d</controlfield><datafield ind1=" " ind2=" " tag="010"><subfield code="a">sn 85036029 </subfield></datafield><datafield ind1=" " ind2=" " tag="040"><subfield code="a">NPA</subfield><subfield code="b">eng</subfield><subfield code="c">NPA</subfield><subfield code="d">NJW</subfield><subfield code="d">OCLCQ</subfield></datafield><datafield ind1=" " ind2=" " tag="042"><subfield code="a">msc</subfield></datafield><datafield ind1="0" ind2=" " tag="130"><subfield code="a">New Brunswick times (1907 : Daily)</subfield></datafield><datafield ind1="1" ind2="0" tag="245"><subfield code="a">New Brunswick times.</subfield></datafield><datafield ind1=" " ind2=" " tag="260"><subfield code="a">New Brunswick, N.J. :</subfield><subfield code="b">Times Pub. Co.,</subfield><subfield code="c">1907-</subfield></datafield><datafield ind1=" " ind2=" " tag="300"><subfield code="a">v. :</subfield><subfield code="b">ill.</subfield></datafield><datafield ind1=" " ind2=" " tag="310"><subfield code="a">Daily (except Sun.)</subfield></datafield><datafield ind1="0" ind2=" " tag="362"><subfield code="a">No. 229 (Sept. 30, 1907)-</subfield></datafield><datafield ind1="1" ind2=" " tag="362"><subfield code="a">Ceased with Jan. 4, 1917 issue.</subfield><subfield code="z">Cf. Wright, W.C. and Stellhorn, P.A. Direct. of N.J. newspapers.</subfield></datafield><datafield ind1=" " ind2=" " tag="530"><subfield code="a">Also issued on microfilm by Norton Micro Images and the Microfilming Corp. of America.</subfield></datafield><datafield ind1=" " ind2=" " tag="580"><subfield code="a">Established a Sunday edition with the same title in 1916. It changed its title to Sunday times (New Brunswick, N.J.) in 1917 and became the Sunday edition of the Daily home news. Cf. Wright, W.C. and Stellhorn, P.A. Direct. of N.J. newspapers.</subfield></datafield><datafield ind1=" " ind2=" " tag="752"><subfield code="a">United States</subfield><subfield code="b">New Jersey</subfield><subfield code="c">Middlesex</subfield><subfield code="d">New Brunswick.</subfield></datafield><datafield ind1="1" ind2=" " tag="775"><subfield code="t">New Brunswick times (1916 : Weekly)</subfield></datafield><datafield ind1="1" ind2=" " tag="775"><subfield code="t">Sunday times (New Brunswick, N.J.)</subfield></datafield><datafield ind1="0" ind2="0" tag="780"><subfield code="t">Daily times (New Brunswick, N.J.)</subfield><subfield code="w">(DLC)sn 85036028</subfield><subfield code="w">(OCoLC)13684810</subfield></datafield><datafield ind1="1" ind2=" " tag="787"><subfield code="t">Daily home news</subfield><subfield code="w">(DLC)sn 84026645</subfield><subfield code="w">(OCoLC)10519458</subfield></datafield><datafield ind1="1" ind2=" " tag="029"><subfield code="a">AU@</subfield><subfield code="b">000025788110</subfield></datafield></record>